<?xml version="1.0" encoding="UTF-8"?><collection xmlns="http://www.loc.gov/MARC21/slim"><record><leader>00473nam--2200169-u-4500</leader><controlfield tag="001">000055414</controlfield><controlfield tag="002">20161230</controlfield><controlfield tag="005">20161230201052</controlfield><controlfield tag="008">130205s1000------------r-----000-0-eng-d</controlfield><datafield ind1=" " ind2=" " tag="040"><subfield code="a">IFIN-HH</subfield></datafield><datafield ind1=" " ind2=" " tag="080"><subfield code="a">808.2(075.3):801.5(075.3)</subfield></datafield><datafield ind1="1" ind2=" " tag="100"><subfield code="a">Pulkina, I.M</subfield></datafield><datafield ind1="1" ind2="0" tag="245"><subfield code="a">Kratkii sprovocenik po russkoi frammatike</subfield><subfield code="b">Posobie dlia prepodavatelei nerusskih skol</subfield><subfield code="c">I.m. pulkina</subfield></datafield><datafield ind1=" " ind2=" " tag="260"><subfield code="a">Moskva</subfield><subfield code="c">1949</subfield></datafield><datafield ind1=" " ind2=" " tag="300"><subfield code="a">259P</subfield></datafield><datafield ind1=" " ind2=" " tag="852"><subfield code="a">41867</subfield><subfield code="c">4</subfield></datafield><datafield ind1=" " ind2=" " tag="CAT"><subfield code="a">Sys</subfield><subfield code="c">20130205</subfield><subfield code="h">130847</subfield></datafield></record></collection>